@inproceedings{kohavi1996scaling,
  title={Scaling Up the Accuracy of Naive-Bayes Classifiers: A Decision-Tree Hybrid.},
  author={Kohavi, Ron},
  booktitle={KDD},
  pages={202--207},
  year={1996},
  organization={Citeseer}
}

@article{hall2007decision,
  title={A decision tree-based attribute weighting filter for naive Bayes},
  author={Hall, Mark},
  journal={Knowledge-Based Systems},
  volume={20},
  number={2},
  pages={120--126},
  year={2007},
  publisher={Elsevier}
}
@book{michalski2013machine,
  title={Machine learning: An artificial intelligence approach},
  author={Michalski, Ryszard S and Carbonell, Jaime G and Mitchell, Tom M},
  year={2013},
  publisher={Springer Science \& Business Media}
}

@inproceedings{rish2001empirical,
  title={An empirical study of the naive Bayes classifier},
  author={Rish, Irina},
  booktitle={IJCAI 2001 workshop on empirical methods in artificial intelligence},
  volume={3},
  number={22},
  pages={41--46},
  year={2001},
  organization={IBM New York}
}

@article{mahmood2014analyzingnb,
  title={AnalyzingNB, DT and NBTree IntrusionDetection Algorithms},
  author={Mahmood, Deeman Yousif and Hussein, Mohammed Abdullah},
  journal={Journal of Zankoy Sulaimani-Part A (JZS-A)},
  volume={16},
  number={1},
  pages={1},
  year={2014}
}

@misc{_citing_????,
    title = {citing - Tool for generating a website's {Bureau of Transportation Statistics},
    url = {http://www.transtats.bts.gov/DL_SelectFields.asp?Table_ID=236&DB_Short_Name=On-Time},
    howpublished = {http://www.transtats.bts.gov/DL_SelectFields.asp?Table_ID=236&DB_Short_Name=On-Time}
}